@article{jones_incentives_2019,
	title = {Incentives and social relationships of hunters and traders in a {Liberian} bushmeat system},
	volume = {237},
	issn = {00063207},
	url = {https://linkinghub.elsevier.com/retrieve/pii/S0006320719302241},
	doi = {10.1016/j.biocon.2019.06.006},
	language = {en},
	urldate = {2024-09-18},
	journal = {Biological Conservation},
	author = {Jones, Sorrel and Papworth, Sarah and Keane, Aidan and St John, Freya and Smith, Emmanuel and Flomo, Abraham and Nyamunue, Zuannah and Vickery, Juliet},
	month = sep,
	year = {2019},
	pages = {338--347}
}

@article{peres_detecting_2006,
	title = {Detecting anthropogenic disturbance in tropical forests},
	volume = {21},
	copyright = {https://www.elsevier.com/tdm/userlicense/1.0/},
	issn = {01695347},
	url = {https://linkinghub.elsevier.com/retrieve/pii/S0169534706000942},
	doi = {10.1016/j.tree.2006.03.007},
	language = {en},
	number = {5},
	urldate = {2025-03-19},
	journal = {Trends in Ecology \& Evolution},
	author = {Peres, Carlos A. and Barlow, Jos and Laurance, William F.},
	month = may,
	year = {2006},
	pages = {227--229}
}

@article{ripple_bushmeat_2016,
	title = {Bushmeat hunting and extinction risk to the world's mammals},
	volume = {3},
	issn = {2054-5703},
	url = {https://royalsocietypublishing.org/doi/10.1098/rsos.160498},
	doi = {10.1098/rsos.160498},
	language = {en},
	number = {10},
	urldate = {2025-03-18},
	journal = {Royal Society Open Science},
	author = {Ripple, William J. and Abernethy, Katharine and Betts, Matthew G. and Chapron, Guillaume and Dirzo, Rodolfo and Galetti, Mauro and Levi, Taal and Lindsey, Peter A. and Macdonald, David W. and Machovina, Brian and Newsome, Thomas M. and Peres, Carlos A. and Wallach, Arian D. and Wolf, Christopher and Young, Hillary},
	month = oct,
	year = {2016},
	pages = {160498},
}

@article{wilkie_empty_2011,
	title = {The empty forest revisited},
	volume = {1223},
	copyright = {http://onlinelibrary.wiley.com/termsAndConditions\#vor},
	issn = {0077-8923, 1749-6632},
	url = {https://nyaspubs.onlinelibrary.wiley.com/doi/10.1111/j.1749-6632.2010.05908.x},
	doi = {10.1111/j.1749-6632.2010.05908.x},
	language = {en},
	number = {1},
	urldate = {2024-09-16},
	journal = {Annals of the New York Academy of Sciences},
	author = {Wilkie, David S. and Bennett, Elizabeth L. and Peres, Carlos A. and Cunningham, Andrew A.},
	month = mar,
	year = {2011},
	pages = {120--128}
}

@article{benitez-lopez_intact_2019,
	title = {Intact but empty forests? {Patterns} of hunting-induced mammal defaunation in the tropics},
	volume = {17},
	issn = {1545-7885},
	shorttitle = {Intact but empty forests?},
	url = {https://dx.plos.org/10.1371/journal.pbio.3000247},
	doi = {10.1371/journal.pbio.3000247},
	language = {en},
	number = {5},
	urldate = {2025-03-11},
	journal = {PLOS Biology},
	author = {Benítez-López, Ana and Santini, Luca and Schipper, Aafke M. and Busana, Michela and Huijbregts, Mark A. J.},
	editor = {Dobson, Andy P.},
	month = may,
	year = {2019},
	pages = {e3000247}
}

@article{wilkie_bushmeat_1998,
	title = {Bushmeat hunting in the {Congo} {Basin}: an assessment of impacts and options for mitigation},
	year={1998},
	journal ={Biodiversity and Conservation},
	volume={8},
	language = {en},
	author = {Wilkie, David S and Carpenter, Julia F},
	file = {Bushmeat hunting in the Congo Basin\: an assessment of impacts and options for mitigation.pdf:/home/hetier/Documents/Bibliographie/Article/Bushmeat hunting in the Congo Basin\: an assessment of impacts and options for mitigation.pdf:application/pdf},
}

@misc{ins_demographie,
	title = {https://ins-cameroun.cm/wp-content/uploads/2023/06/{Projections}-demographiques-et-estimations-des-cibles-des-programmes-de-sante.pdf},
	url = {https://ins-cameroun.cm/wp-content/uploads/2023/06/Projections-demographiques-et-estimations-des-cibles-des-programmes-de-sante.pdf},
	urldate = {2025-02-21},
	file = {https\://ins-cameroun.cm/wp-content/uploads/2023/06/Projections-demographiques-et-estimations-des-cibles-des-programmes-de-sante.pdf:/home/hetier/Zotero/storage/3CBANBE9/Projections-demographiques-et-estimations-des-cibles-des-programmes-de-sante.pdf:application/pdf},
}

@article{dounias_foraging_2011,
	title = {From foraging to farming among present-day forest hunter-gatherers: consequences on diet and health},
	volume = {13},
	issn = {1465-5489},
	shorttitle = {From foraging to farming among present-day forest hunter-gatherers},
	url = {http://www.ingentaconnect.com/content/10.1505/146554811798293818},
	doi = {10.1505/146554811798293818},
	language = {en},
	number = {3},
	urldate = {2025-02-06},
	journal = {International Forestry Review},
	author = {Dounias, E. and Froment, A.},
	month = sep,
	year = {2011},
	pages = {294--304}
}

@article{dobigny_zoonotic_2022,
	title = {Zoonotic emergence at the animal-environment-human interface: the forgotten urban socio-ecosystems},
	volume = {2},
	issn = {2804-3871},
	shorttitle = {Zoonotic emergence at the animal-environment-human interface},
	url = {https://peercommunityjournal.org/articles/10.24072/pcjournal.206/},
	doi = {10.24072/pcjournal.206},
	language = {en},
	urldate = {2025-02-10},
	journal = {Peer Community Journal},
	author = {Dobigny, Gauthier and Morand, Serge},
	month = dec,
	year = {2022},
	pages = {e79},
}

@article{koppertchapitre,
  title={Chapitre 26 Food consumption and nutritional status in rural areas. The example of a cocoa growing region : Evodoula},
  author={Koppert, Georgius JA and Adi{\'e}, Honorine Rikong and Gwangwa’a, Sarah and Nana, Estelle Sajo and Matze, Mirjam and Pasquet, Patrick and Froment, Alain and de Garine, Igor}
}

@InBook{alimentation_adie_1996,
ALTauthor = {Adi{\'e}, Honorine and Nana, Estelle and Koppert, Georgious and Njiki, Otto},
ALTeditor = {L'Harmattan ORSTOM},
title = {Bien Manger et Bien Vivre - Anthropologie alimentaire et développement en Afrique intertropicale: du biologique au social},
chapter = {26: Food consumption and nutritional status in rural areas. The example of a cocoa growing region : Evodoula},
publisher = {L'Harmattan ORSTOM},
year = {1996},
}


@inproceedings{loung_pygmees_1996,
  title={Les Pygm{\'e}es camerounais face {\`a} l'insuffisance des produits alimentaires v{\'e}g{\'e}taux de la for{\^e}t {\'e}quatoriale},
  author={Loung, Jean F{\'e}lix},
  editor = {},
  language = {{ENG}},
  abstract = {},
  keywords = {{CONSOMMATION} {ALIMENTAIRE} ; {DIETETIQUE} ; {VARIATION} {SAISONNIERE} ; {ZONE} {COTIERE} ; {ETUDE} {COMPARATIVE} ; {CAMEROUN} {SUD} {OUEST}},
  numero = {13},
  pages = {295--311},
  booktitle = {{T}ropical forests, people and food : biocultural interactions and applications to development},
  year = {1993},
  URL = {https://www.documentation.ird.fr/hor/fdi:42842},
}

@inproceedings{koppert_consommation_1996,
  title = {{F}ood consumption in three forest populations of the {S}outhern coastal area of {C}ameroon : {Y}assa, {M}vae, {B}akola},
  author = {{K}oppert, {G}eorgius and {D}ounias, {E}dmond and {F}roment, {A}lain and {P}asquet, {P}.},
  editor = {},
  language = {{ENG}},
  abstract = {},
  keywords = {{CONSOMMATION} {ALIMENTAIRE} ; {DIETETIQUE} ; {VARIATION} {SAISONNIERE} ; {ZONE} {COTIERE} ; {ETUDE} {COMPARATIVE} ; {CAMEROUN} {SUD} {OUEST}},
  numero = {13},
  pages = {295--311},
  booktitle = {{T}ropical forests, people and food : biocultural interactions and applications to development},
  year = {1993},
  URL = {https://www.documentation.ird.fr/hor/fdi:42842},
}

@article{bennett_carrying_2000,
  title={Carrying capacity limits to sustainable hunting in tropical forests},
  author={Bennett, EL and Robinson, JG},
  journal={Hunting for sustainability in tropical forests},
  pages={13--30},
  year={2000},
  publisher={Columbia University Press New York}
}

@article{jones_consequences_2020,
	title = {Consequences of survey method for estimating hunters' harvest rates},
	volume = {2},
	issn = {2578-4854, 2578-4854},
	url = {https://conbio.onlinelibrary.wiley.com/doi/10.1111/csp2.315},
	doi = {10.1111/csp2.315},
	language = {en},
	number = {12},
	urldate = {2024-09-16},
	journal = {Conservation Science and Practice},
	author = {Jones, Sorrel C. Z. and Papworth, Sarah K. and St. John, Freya A. V. and Vickery, Juliet A. and Keane, Aidan M.},
	month = dec,
	year = {2020},
	pages = {e315},
	file = {Conservat Sci and Prac - 2020 - Jones - Consequences of survey method for estimating hunters harvest rates.pdf:/home/hetier/Documents/Bibliographie/Article/Conservat Sci and Prac - 2020 - Jones - Consequences of survey method for estimating hunters harvest rates.pdf:application/pdf},
}

@article{avila_interpreting_2019,
	series = {Guinean {Forests} of {West} and {Central} {Africa}: {Ecology} and {Conservation}},
	title = {Interpreting long-term trends in bushmeat harvest in southeast {Cameroon}},
	volume = {94},
	issn = {1146-609X},
	url = {https://www.sciencedirect.com/science/article/pii/S1146609X17302801},
	doi = {10.1016/j.actao.2017.09.007},
	urldate = {2024-08-22},
	journal = {Acta Oecologica},
	author = {Ávila, Eva and Tagg, Nikki and Willie, Jacob and Mbohli, Donald and Farfán, Miguel Ángel and Vargas, J. Mario and Bonat, Wagner H. and Dupain, Jef and Epanda, Manfred A. and Luyten, Inge and Tedonzong, Luc and Peeters, Martine and Fa, John E.},
	month = jan,
	year = {2019},
	keywords = {Bushmeat, Hunter offtake, Mammals, Mean body mass indicator, Tropical rainforests},
	pages = {57--65},
	file = {ScienceDirect Snapshot:/home/hetier/Zotero/storage/C59K5V2A/S1146609X17302801.html:text/html;Version acceptée:/home/hetier/Zotero/storage/3TGBCRG6/Ávila et al. - 2019 - Interpreting long-term trends in bushmeat harvest .pdf:application/pdf},
}