
@article{fanuel_modelling_2023,
	title = {Modelling the {Impact} of {Human} {Population} and {Its} {Associated} {Pressure} on {Forest} {Biomass} and {Forest}-{Dependent} {Wildlife} {Population}},
	volume = {2023},
	copyright = {https://creativecommons.org/licenses/by/4.0/},
	issn = {1687-0042, 1110-757X},
	url = {https://www.hindawi.com/journals/jam/2023/4826313/},
	doi = {10.1155/2023/4826313},
	language = {en},
	urldate = {2025-01-27},
	journal = {Journal of Applied Mathematics},
	author = {Fanuel, Ibrahim M. and Kajunguri, Damian and Moyo, Francis},
	editor = {Song, Qiankun},
	month = jan,
	year = {2023},
	pages = {1--9},
}

@article{fanuel_mathematical_2024,
	title = {Mathematical model to study the impact of anthropogenic activities on forest biomass and forest-dependent wildlife population},
	volume = {12},
	issn = {2195-268X, 2195-2698},
	url = {https://link.springer.com/10.1007/s40435-023-01265-8},
	doi = {10.1007/s40435-023-01265-8},
	language = {en},
	number = {5},
	urldate = {2025-03-07},
	journal = {International Journal of Dynamics and Control},
	author = {Fanuel, Ibrahim M. and Mirau, Silas and Kajunguri, Damian and Moyo, Francis},
	month = may,
	year = {2024},
	pages = {1314--1331},
}

@article{lata_modeling_2018,
	title = {Modeling the effect of deforestation caused by human population pressure on wildlife species},
	volume = {23},
	issn = {2335-8963, 1392-5113},
	url = {https://zurnalai.vu.lt//nonlinear-analysis/article/view/13187},
	doi = {10.15388/NA.2018.3.2},
	language = {en},
	number = {3},
	urldate = {2025-03-07},
	journal = {Nonlinear Analysis: Modelling and Control},
	author = {Lata, Kusum and Misra, Arvind Kumar Kumar and Shukla, Jang Bahadur Bahadur},
	month = jun,
	year = {2018},
	pages = {303--320},
}

@article{dubey_modelling_2009,
	title = {Modelling the depletion of forestry resources by population and population pressure augmented industrialization},
	volume = {33},
	copyright = {https://www.elsevier.com/tdm/userlicense/1.0/},
	issn = {0307904X},
	url = {https://linkinghub.elsevier.com/retrieve/pii/S0307904X0800262X},
	doi = {10.1016/j.apm.2008.10.028},
	language = {en},
	number = {7},
	urldate = {2025-03-10},
	journal = {Applied Mathematical Modelling},
	author = {Dubey, B. and Sharma, S. and Sinha, P. and Shukla, J.B.},
	month = jul,
	year = {2009},
	pages = {3002--3014},
}

@article{della_marca_human-induced_2022,
	title = {Human-induced oscillations in a network landscape model},
	volume = {115},
	issn = {10075704},
	url = {https://linkinghub.elsevier.com/retrieve/pii/S1007570422002672},
	doi = {10.1016/j.cnsns.2022.106722},
	language = {en},
	urldate = {2025-01-27},
	journal = {Communications in Nonlinear Science and Numerical Simulation},
	author = {Della Marca, Rossella and Groppi, Maria and Soares, Ana Jacinta},
	month = dec,
	year = {2022},
	pages = {106722},
}

@article{roman_dynamics_2018,
	title = {The {Dynamics} of {Human}â€“{Environment} {Interactions} in the {Collapse} of the {Classic} {Maya}},
	volume = {146},
	issn = {09218009},
	url = {https://linkinghub.elsevier.com/retrieve/pii/S0921800917305578},
	doi = {10.1016/j.ecolecon.2017.11.007},
	language = {en},
	urldate = {2023-12-19},
	journal = {Ecological Economics},
	author = {Roman, Sabin and Palmer, Erika and Brede, Markus},
	month = apr,
	year = {2018},
	keywords = {SocioEcologicalModel},
	pages = {312--324},
}

@article{bengochea_paz_agricultural_2020,
	title = {Agricultural land use and the sustainability of social-ecological systems},
	volume = {437},
	issn = {03043800},
	url = {https://linkinghub.elsevier.com/retrieve/pii/S0304380020303823},
	doi = {10.1016/j.ecolmodel.2020.109312},
	language = {en},
	urldate = {2023-12-19},
	journal = {Ecological Modelling},
	author = {Bengochea Paz, Diego and Henderson, Kirsten and Loreau, Michel},
	month = dec,
	year = {2020},
	keywords = {SocioEcologicalModel},
	pages = {109312},
}

@article{pathak_impact_2021,
	title = {Impact of human activities on forest resources and wildlife population},
	language = {en},
	author = {Pathak, Rachana and Verma, Vinay and Agarwal, Manju},
  journal={Comput. Ecol. Softw},
  volume={11},
  number={2},
  pages={83--99},
  year={2021}
}