@article{lobry_migrations_2015,
  title = {Migrations in the {{Rosenzweig-MacArthur}} Model and the "Atto-Fox" Problem},
  author = {Lobry, Claude and Sari, Tewfik},
  date = {2015-11-08},
  journaltitle = {Revue Africaine de Recherche en Informatique et Mathématiques Appliquées},
  volume = {Volume 20 - 2015 - Special...},
  pages = {1990},
  issn = {1638-5713},
  doi = {10.46298/arima.1990},
  url = {https://arima.episciences.org/1990},
  urldate = {2025-05-15},
  langid = {english}
}


@incollection{auger_aggregation_2008,
  title = {Aggregation of {{Variables}} and {{Applications}} to {{Population Dynamics}}},
  booktitle = {Structured {{Population Models}} in {{Biology}} and {{Epidemiology}}},
  author = {Auger, P. and De La Parra, R. Bravo and Poggiale, J. -C. and Sánchez, E. and Nguyen-Huu, T.},
  editor = {Magal, Pierre and Ruan, Shigui},
  editora = {Morel, J. -M. and Takens, F. and Teissier, B.},
  editoratype = {redactor},
  date = {2008},
  volume = {1936},
  pages = {209--263},
  publisher = {Springer Berlin Heidelberg},
  location = {Berlin, Heidelberg},
  doi = {10.1007/978-3-540-78273-5_5},
  url = {http://link.springer.com/10.1007/978-3-540-78273-5_5},
  urldate = {2025-09-10},
  isbn = {978-3-540-78272-8 978-3-540-78273-5},
  langid = {english}
}


@article{anguelov_monotone_2010,
	title = {Monotone {Dynamical} {Systems}: {Application} to population dynamics},
	journal = {SIAM Review},
	author = {Anguelov, Roumen and Dumont, Yves and Lubuma, Jean},
	year = {2010},
}

@book{perko_differential_1996,
	address = {New York, NY},
	series = {Texts in {Applied} {Mathematics}},
	title = {Differential {Equations} and {Dynamical} {Systems}},
	volume = {7},
	copyright = {http://www.springer.com/tdm},
	isbn = {978-1-4684-0251-3 978-1-4684-0249-0},
	url = {http://link.springer.com/10.1007/978-1-4684-0249-0},
	language = {en},
	urldate = {2025-08-05},
	publisher = {Springer US},
	author = {Perko, Lawrence},
	editor = {Marsden, Jerrold E. and Sirovich, L. and Golubitsky, M. and Jäger, W.},
	year = {1996},
	doi = {10.1007/978-1-4684-0249-0},
}

@book{banasiak_methods_2014,
  title={Methods of small parameter in mathematical biology},
  author={Banasiak, Jacek and Lachowicz, Miros{\l}aw},
  year={2014},
  publisher={Springer}
}


@book{wiggins_introduction_2003,
	address = {New York, NY},
	edition = {Second Edition},
	series = {Texts in {Applied} {Mathematics}},
	title = {Introduction to {Applied} {Nonlinear} {Dynamical} {Systems} and {Chaos}},
	isbn = {978-0-387-00177-7 978-0-387-21749-9},
	language = {en},
	number = {2},
	publisher = {Springer New York},
	author = {Wiggins, Stephen},
	year = {2003},
	doi = {10.1007/b97481}
}

@article{hsu_competing_1978,
	title = {Competing {Predators}},
	volume = {35},
	issn = {0036-1399, 1095-712X},
	url = {http://epubs.siam.org/doi/10.1137/0135051},
	doi = {10.1137/0135051},
	language = {en},
	number = {4},
	urldate = {2025-04-01},
	journal = {SIAM Journal on Applied Mathematics},
	author = {Hsu, S. B. and Hubbell, S. P. and Waltman, Paul},
	month = dec,
	year = {1978},
	pages = {617--625}
}

@inproceedings{smith_monotone_1995,
  title={Monotone Dynamical Systems: An Introduction To The Theory Of Competitive And Cooperative Systems (Mathematical Surveys And Monographs) By Hal L. Smith},
  author={Hal L. Smith},
  year={1995},
  url={https://api.semanticscholar.org/CorpusID:56671641}
}

@book{kaszkurewicz_matrix_2012,
  title={Matrix diagonal stability in systems and computation},
  author={Kaszkurewicz, Eugenius and Bhaya, Amit},
  year={2012},
  publisher={Springer Science \& Business Media}
}

@article{zhu_stable_1994,
  title={Stable periodic orbits for a class of three dimensional competitive systems},
  author={Zhu, Hsiu-Rong and Smith, Hal L},
  journal={Journal of Differential Equations},
  volume={110},
  number={1},
  pages={143--156},
  year={1994},
  publisher={Elsevier}
}


@article{wang_predator-prey_1997,
	title = {A predator-prey system with stage-structure for predator},
	volume = {33},
	copyright = {https://www.elsevier.com/tdm/userlicense/1.0/},
	issn = {08981221},
	url = {https://linkinghub.elsevier.com/retrieve/pii/S0898122197000564},
	doi = {10.1016/S0898-1221(97)00056-4},
	language = {en},
	number = {8},
	urldate = {2024-12-19},
	journal = {Computers \& Mathematics with Applications},
	author = {Wang, Wendi and Chen, Lansun},
	month = apr,
	year = {1997},
	pages = {83--91}
}
@article{dumont_mathematical_2012,
	title = {Mathematical studies on the sterile insect technique for the {Chikungunya} disease and {Aedes} albopictus},
	volume = {65},
	copyright = {http://www.springer.com/tdm},
	issn = {0303-6812, 1432-1416},
	url = {http://link.springer.com/10.1007/s00285-011-0477-6},
	doi = {10.1007/s00285-011-0477-6},
	language = {en},
	number = {5},
	urldate = {2024-12-16},
	journal = {Journal of Mathematical Biology},
	author = {Dumont, Y. and Tchuenche, J. M.},
	month = nov,
	year = {2012},
	pages = {809--854},
	file = {Mathematical studies on the sterile insect technique for the Chikungunya disease and Aedes albopictus:/home/hetier/Documents/Bibliographie/Article/Mathematical studies on the sterile insect technique for the Chikungunya disease and Aedes albopictus.pdf:application/pdf},
}

@article{vidyasagar_decomposition_1980,
  author={Vidyasagar, M.},
  journal={IEEE Transactions on Automatic Control}, 
  title={Decomposition techniques for large-scale systems with nonadditive interactions: Stability and stabilizability}, 
  year={1980},
  volume={25},
  number={4},
  pages={773-779},
  keywords={Large-scale systems;Control systems;Power engineering and energy;Councils;Equations;Sufficient conditions;Tellurium;Asymptotic stability;Distributed control;Automatic control},
  doi={10.1109/TAC.1980.1102422}
}


@article{kirkilionis_comparison_2004,
	title = {On comparison systems for ordinary differential equations},
	volume = {299},
	copyright = {https://www.elsevier.com/tdm/userlicense/1.0/},
	issn = {0022247X},
	url = {https://linkinghub.elsevier.com/retrieve/pii/S0022247X04004937},
	doi = {10.1016/j.jmaa.2004.06.025},
	language = {en},
	number = {1},
	urldate = {2024-12-15},
	journal = {Journal of Mathematical Analysis and Applications},
	author = {Kirkilionis, Markus and Walcher, Sebastian},
	month = nov,
	year = {2004},
	pages = {157--173}
}

@book{smoller_shock_1994,
	address = {New York, NY},
	series = {Grundlehren der mathematischen {Wissenschaften}},
	title = {Shock {Waves} and {Reaction}—{Diffusion} {Equations}},
	volume = {258},
	copyright = {http://www.springer.com/tdm},
	isbn = {978-1-4612-6929-8 978-1-4612-0873-0},
	url = {http://link.springer.com/10.1007/978-1-4612-0873-0},
	language = {en},
	urldate = {2024-09-12},
	publisher = {Springer New York},
	author = {Smoller, Joel},
	year = {1994},
	doi = {10.1007/978-1-4612-0873-0},
	file = {Smoler_ShockWave_RDEquations.pdf:/home/hetier/Documents/Bibliographie/Livre/Smoler_ShockWave_RDEquations.pdf:application/pdf},
}

@book{walter_ordinary_1998,
	address = {New York, NY},
	series = {Graduate {Texts} in {Mathematics}},
	title = {Ordinary {Differential} {Equations}},
	volume = {182},
	copyright = {http://www.springer.com/tdm},
	isbn = {978-1-4612-6834-5 978-1-4612-0601-9},
	url = {http://link.springer.com/10.1007/978-1-4612-0601-9},
	language = {en},
	urldate = {2024-09-12},
	publisher = {Springer New York},
	author = {Walter, Wolfgang},
	year = {1998},
	doi = {10.1007/978-1-4612-0601-9},
	file = {Walter_ODE.pdf:/home/hetier/Documents/Bibliographie/Livre/Walter_ODE.pdf:application/pdf},
}