@incollection{chapwanya_application_2021,
	address = {Cham},
	title = {Application of Mathematical Epidemiology to Crop Vector-Borne Diseases: The Cassava Mosaic Virus Disease Case},
	volume = {7},
	isbn = {978-3-030-50825-8 978-3-030-50826-5},
	shorttitle = {Application of {Mathematical} {Epidemiology} to {Crop} {Vector}-{Borne} {Diseases}},
	url = {http://link.springer.com/10.1007/978-3-030-50826-5_4},
	language = {en},
	urldate = {2024-03-12},
	booktitle = {Infectious {Diseases} and {Our} {Planet}},
	publisher = {Springer International Publishing},
	author = {Chapwanya, Michael and Dumont, Yves},
	editor = {Teboh-Ewungkem, Miranda I. and Ngwa, Gideon Akumah},
	year = {2021},
	doi = {10.1007/978-3-030-50826-5_4},
	note = {Series Title: Mathematics of Planet Earth},
	pages = {57--95},
	file = {MChapwanya_YDumont_Chapitre_Cassava_Mosaic_Disease_Modeling_in_Book_Infectious Diseases and Our Planet2021.pdf:/home/hetier/Documents/Bibliographie/Article/MChapwanya_YDumont_Chapitre_Cassava_Mosaic_Disease_Modeling_in_Book_Infectious Diseases and Our Planet2021.pdf:application/pdf},
}