@article{lebon_direct_2014,
	title = {Direct and apparent compensation in plantâ€“herbivore interactions},
	volume = {290},
	issn = {03043800},
	url = {https://linkinghub.elsevier.com/retrieve/pii/S0304380014001148},
	doi = {10.1016/j.ecolmodel.2014.02.020},
	language = {en},
	urldate = {2024-09-05},
	journal = {Ecological Modelling},
	author = {Lebon, A. and Mailleret, L. and Dumont, Y. and Grognard, F.},
	month = oct,
	year = {2014},
	pages = {192--203},
	file = {Lebon_etal_2014_EM.pdf:/home/hetier/Documents/Bibliographie/Article/Lebon_etal_2014_EM.pdf:application/pdf},
}
