@inproceedings{smith_monotone_1995,
  title={Monotone Dynamical Systems: An Introduction To The Theory Of Competitive And Cooperative Systems (Mathematical Surveys And Monographs) By Hal L. Smith},
  author={Hal L. Smith},
  year={1995},
  url={https://api.semanticscholar.org/CorpusID:56671641}
}

@book{kaszkurewicz_matrix_2012,
  title={Matrix diagonal stability in systems and computation},
  author={Kaszkurewicz, Eugenius and Bhaya, Amit},
  year={2012},
  publisher={Springer Science \& Business Media}
}

@article{zhu_stable_1994,
  title={Stable periodic orbits for a class of three dimensional competitive systems},
  author={Zhu, Hsiu-Rong and Smith, Hal L},
  journal={Journal of Differential Equations},
  volume={110},
  number={1},
  pages={143--156},
  year={1994},
  publisher={Elsevier}
}


@article{wang_predator-prey_1997,
	title = {A predator-prey system with stage-structure for predator},
	volume = {33},
	copyright = {https://www.elsevier.com/tdm/userlicense/1.0/},
	issn = {08981221},
	url = {https://linkinghub.elsevier.com/retrieve/pii/S0898122197000564},
	doi = {10.1016/S0898-1221(97)00056-4},
	language = {en},
	number = {8},
	urldate = {2024-12-19},
	journal = {Computers \& Mathematics with Applications},
	author = {Wang, Wendi and Chen, Lansun},
	month = apr,
	year = {1997},
	pages = {83--91}
}
@article{dumont_mathematical_2012,
	title = {Mathematical studies on the sterile insect technique for the {Chikungunya} disease and {Aedes} albopictus},
	volume = {65},
	copyright = {http://www.springer.com/tdm},
	issn = {0303-6812, 1432-1416},
	url = {http://link.springer.com/10.1007/s00285-011-0477-6},
	doi = {10.1007/s00285-011-0477-6},
	language = {en},
	number = {5},
	urldate = {2024-12-16},
	journal = {Journal of Mathematical Biology},
	author = {Dumont, Y. and Tchuenche, J. M.},
	month = nov,
	year = {2012},
	pages = {809--854},
	file = {Mathematical studies on the sterile insect technique for the Chikungunya disease and Aedes albopictus:/home/hetier/Documents/Bibliographie/Article/Mathematical studies on the sterile insect technique for the Chikungunya disease and Aedes albopictus.pdf:application/pdf},
}

@article{vidyasagar_decomposition_1980,
  author={Vidyasagar, M.},
  journal={IEEE Transactions on Automatic Control}, 
  title={Decomposition techniques for large-scale systems with nonadditive interactions: Stability and stabilizability}, 
  year={1980},
  volume={25},
  number={4},
  pages={773-779},
  keywords={Large-scale systems;Control systems;Power engineering and energy;Councils;Equations;Sufficient conditions;Tellurium;Asymptotic stability;Distributed control;Automatic control},
  doi={10.1109/TAC.1980.1102422}
}


@article{kirkilionis_comparison_2004,
	title = {On comparison systems for ordinary differential equations},
	volume = {299},
	copyright = {https://www.elsevier.com/tdm/userlicense/1.0/},
	issn = {0022247X},
	url = {https://linkinghub.elsevier.com/retrieve/pii/S0022247X04004937},
	doi = {10.1016/j.jmaa.2004.06.025},
	language = {en},
	number = {1},
	urldate = {2024-12-15},
	journal = {Journal of Mathematical Analysis and Applications},
	author = {Kirkilionis, Markus and Walcher, Sebastian},
	month = nov,
	year = {2004},
	pages = {157--173}
}

@book{smoller_shock_1994,
	address = {New York, NY},
	series = {Grundlehren der mathematischen {Wissenschaften}},
	title = {Shock {Waves} and {Reaction}â€”{Diffusion} {Equations}},
	volume = {258},
	copyright = {http://www.springer.com/tdm},
	isbn = {978-1-4612-6929-8 978-1-4612-0873-0},
	url = {http://link.springer.com/10.1007/978-1-4612-0873-0},
	language = {en},
	urldate = {2024-09-12},
	publisher = {Springer New York},
	author = {Smoller, Joel},
	year = {1994},
	doi = {10.1007/978-1-4612-0873-0},
	file = {Smoler_ShockWave_RDEquations.pdf:/home/hetier/Documents/Bibliographie/Livre/Smoler_ShockWave_RDEquations.pdf:application/pdf},
}

@book{walter_ordinary_1998,
	address = {New York, NY},
	series = {Graduate {Texts} in {Mathematics}},
	title = {Ordinary {Differential} {Equations}},
	volume = {182},
	copyright = {http://www.springer.com/tdm},
	isbn = {978-1-4612-6834-5 978-1-4612-0601-9},
	url = {http://link.springer.com/10.1007/978-1-4612-0601-9},
	language = {en},
	urldate = {2024-09-12},
	publisher = {Springer New York},
	author = {Walter, Wolfgang},
	year = {1998},
	doi = {10.1007/978-1-4612-0601-9},
	file = {Walter_ODE.pdf:/home/hetier/Documents/Bibliographie/Livre/Walter_ODE.pdf:application/pdf},
}