@article{koppertchapitre,
  title={Chapitre 26 Food consumption and nutritional status in rural areas. The example of a cocoa growing region : Evodoula},
  author={Koppert, Georgius JA and Adi{\'e}, Honorine Rikong and Gwangwa’a, Sarah and Nana, Estelle Sajo and Matze, Mirjam and Pasquet, Patrick and Froment, Alain and de Garine, Igor}
}

@InBook{alimentation_adie_1996,
ALTauthor = {Adi{\'e}, Honorine and Nana, Estelle and Koppert, Georgious and Njiki, Otto},
ALTeditor = {L'Harmattan ORSTOM},
title = {Bien Manger et Bien Vivre - Anthropologie alimentaire et développement en Afrique intertropicale: du biologique au social},
chapter = {26: Food consumption and nutritional status in rural areas. The example of a cocoa growing region : Evodoula},
publisher = {L'Harmattan ORSTOM},
year = {1996},
}


@inproceedings{loung_pygmees_1996,
  title={Les Pygm{\'e}es camerounais face {\`a} l'insuffisance des produits alimentaires v{\'e}g{\'e}taux de la for{\^e}t {\'e}quatoriale},
  author={Loung, Jean F{\'e}lix},
  editor = {},
  language = {{ENG}},
  abstract = {},
  keywords = {{CONSOMMATION} {ALIMENTAIRE} ; {DIETETIQUE} ; {VARIATION} {SAISONNIERE} ; {ZONE} {COTIERE} ; {ETUDE} {COMPARATIVE} ; {CAMEROUN} {SUD} {OUEST}},
  numero = {13},
  pages = {295--311},
  booktitle = {{T}ropical forests, people and food : biocultural interactions and applications to development},
  year = {1993},
  URL = {https://www.documentation.ird.fr/hor/fdi:42842},
}

@inproceedings{koppert_consommation_1996,
  title = {{F}ood consumption in three forest populations of the {S}outhern coastal area of {C}ameroon : {Y}assa, {M}vae, {B}akola},
  author = {{K}oppert, {G}eorgius and {D}ounias, {E}dmond and {F}roment, {A}lain and {P}asquet, {P}.},
  editor = {},
  language = {{ENG}},
  abstract = {},
  keywords = {{CONSOMMATION} {ALIMENTAIRE} ; {DIETETIQUE} ; {VARIATION} {SAISONNIERE} ; {ZONE} {COTIERE} ; {ETUDE} {COMPARATIVE} ; {CAMEROUN} {SUD} {OUEST}},
  numero = {13},
  pages = {295--311},
  booktitle = {{T}ropical forests, people and food : biocultural interactions and applications to development},
  year = {1993},
  URL = {https://www.documentation.ird.fr/hor/fdi:42842},
}

@article{bennett_carrying_2000,
  title={Carrying capacity limits to sustainable hunting in tropical forests},
  author={Bennett, EL and Robinson, JG},
  journal={Hunting for sustainability in tropical forests},
  pages={13--30},
  year={2000},
  publisher={Columbia University Press New York}
}

@article{jones_consequences_2020,
	title = {Consequences of survey method for estimating hunters' harvest rates},
	volume = {2},
	issn = {2578-4854, 2578-4854},
	url = {https://conbio.onlinelibrary.wiley.com/doi/10.1111/csp2.315},
	doi = {10.1111/csp2.315},
	language = {en},
	number = {12},
	urldate = {2024-09-16},
	journal = {Conservation Science and Practice},
	author = {Jones, Sorrel C. Z. and Papworth, Sarah K. and St. John, Freya A. V. and Vickery, Juliet A. and Keane, Aidan M.},
	month = dec,
	year = {2020},
	pages = {e315},
	file = {Conservat Sci and Prac - 2020 - Jones - Consequences of survey method for estimating hunters harvest rates.pdf:/home/hetier/Documents/Bibliographie/Article/Conservat Sci and Prac - 2020 - Jones - Consequences of survey method for estimating hunters harvest rates.pdf:application/pdf},
}

@article{avila_interpreting_2019,
	series = {Guinean {Forests} of {West} and {Central} {Africa}: {Ecology} and {Conservation}},
	title = {Interpreting long-term trends in bushmeat harvest in southeast {Cameroon}},
	volume = {94},
	issn = {1146-609X},
	url = {https://www.sciencedirect.com/science/article/pii/S1146609X17302801},
	doi = {10.1016/j.actao.2017.09.007},
	urldate = {2024-08-22},
	journal = {Acta Oecologica},
	author = {Ávila, Eva and Tagg, Nikki and Willie, Jacob and Mbohli, Donald and Farfán, Miguel Ángel and Vargas, J. Mario and Bonat, Wagner H. and Dupain, Jef and Epanda, Manfred A. and Luyten, Inge and Tedonzong, Luc and Peeters, Martine and Fa, John E.},
	month = jan,
	year = {2019},
	keywords = {Bushmeat, Hunter offtake, Mammals, Mean body mass indicator, Tropical rainforests},
	pages = {57--65},
	file = {ScienceDirect Snapshot:/home/hetier/Zotero/storage/C59K5V2A/S1146609X17302801.html:text/html;Version acceptée:/home/hetier/Zotero/storage/3TGBCRG6/Ávila et al. - 2019 - Interpreting long-term trends in bushmeat harvest .pdf:application/pdf},
}